@article{brunner2013connection,
  title={Connection between Bell nonlocality and Bayesian game theory},
  author={Brunner, Nicolas and Linden, Noah},
  journal={Nature communications},
  volume={4},
  pages={2057},
  year={2013},
  publisher={Nature Publishing Group}
}